@Article{Carpenter_2017,
  author    = {Bob Carpenter and Andrew Gelman and Matthew D. Hoffman and Daniel Lee and Ben Goodrich and Michael Betancourt and Marcus Brubaker and Jiqiang Guo and Peter Li and Allen Riddell},
  title     = {Stan: A Probabilistic Programming Language},
  journal   = {Journal of Statistical Software},
  year      = {2017},
  volume    = {76},
  number    = {1},
  doi       = {10.18637/jss.v076.i01},
  publisher = {Foundation for Open Access Statistic},
}

@Article{Lunn_2009,
  author    = {David Lunn and David Spiegelhalter and Andrew Thomas and Nicky Best},
  title     = {The {BUGS} project: Evolution, critique and future directions},
  journal   = {Statistics in Medicine},
  year      = {2009},
  volume    = {28},
  number    = {25},
  pages     = {3049--3067},
  month     = {jul},
  doi       = {10.1002/sim.3680},
  publisher = {Wiley},
}

@Article{Patil_2010,
  author    = {Anand Patil and David Huard and Christopher Fonnesbeck},
  title     = {{PyMC}: Bayesian Stochastic Modelling {inPython}},
  journal   = {Journal of Statistical Software},
  year      = {2010},
  volume    = {35},
  number    = {4},
  doi       = {10.18637/jss.v035.i04},
  publisher = {Foundation for Open Access Statistic},
}

@Article{VillaPetraGhattas19,
  author        = {{Villa}, Umberto and {Petra}, Noemi and {Ghattas}, Omar},
  title         = {{hIPPYlib: An Extensible Software Framework for Large-Scale Inverse Problems Governed by PDEs; Part I: Deterministic Inversion and Linearized Bayesian Inference}},
  journal       = {arXiv e-prints},
  year          = {2019},
  archiveprefix = {arXiv},
  eprint        = {1909.03948},
}

@Article{Jakeman_2019,
  author    = {John D. Jakeman and Fabian Franzelin and Akil Narayan and Michael Eldred and Dirk Plf{\"u}ger},
  title     = {Polynomial chaos expansions for dependent random variables},
  journal   = {Computer Methods in Applied Mechanics and Engineering},
  year      = {2019},
  volume    = {351},
  pages     = {643--666},
  month     = {jul},
  doi       = {10.1016/j.cma.2019.03.049},
  publisher = {Elsevier {BV}},
}

@Manual{dakota_6_10,
  title   = {Dakota, A Multilevel Parallel Object-Oriented Framework for Design Optimization, Parameter Estimation, Uncertainty Quantification, and Sensitivity Analysis: Version 6.10 User's Manual},
  author  = {Adams, B.M. and Bauman, L.E. and Bohnhoff, W.J. and Dalbey, K.R. and Ebeida, M.S. and Eddy, J.P. and Eldred, M.S. and Hough, P.D. and Hu, K.T. and Jakeman, J.D. and Stephens, J.A. and Swiler, L.P. and Vigil, D.M. and and Wildey, T.M.},
  edition = {Sandia Technical Report SAND2014-4633, July 2014. Updated May 2019 (Version 6.10)},
}

@Article{Salvatier_2016,
  author    = {John Salvatier and Thomas V. Wiecki and Christopher Fonnesbeck},
  journal   = {{PeerJ} Computer Science},
  title     = {Probabilistic programming in Python using {PyMC}3},
  year      = {2016},
  month     = {apr},
  pages     = {e55},
  volume    = {2},
  doi       = {10.7717/peerj-cs.55},
  publisher = {{PeerJ}},
}

@book{smith:14book,
 author    = {Smith, R. C.},
 title     = {Uncertainty Quantification: Theory, Implementation, and Applications},
 publisher = {Society for Industrial and Applied Mathematics},
 year      = {2014},
 address   = {Philadelphia},
}
